@electronic{React,
  title =     {Reactjs},
  year =      {2021},
  publisher = {Facebook Inc},
  url =       {https://reactjs.org/}
}

@electronic{CSS,
  title =     {Cascading Style Sheets},
  year =      {2021},
  publisher = {World Wide Web Consortium},
  url =       {https://www.w3.org/Style/CSS/Overview.en.html}
}

@electronic{JavaScript,
  title =      {JavaScript},
  year =  {2021},
  publisher = {JavaScript.com},
  url =  {https://www.javascript.com/}
}

@electronic{HTML,
  title =      {HyperText Markup Language},
  year =  {2021},
  publisher = {World Wide Web Consortium},
  url =  {https://html.spec.whatwg.org/multipage/}
}

@electronic{FoodStat,
  author = {Hannah Ritchie},
  title =      {Food production is responsible for one-quarter of the world’s greenhouse gas emissions},
  year =  {2019},
  publisher = {Our World in Data},
  url =  {https://ourworldindata.org/food-ghg-emissions}
}
@electronic{Data,
  author = {J. Poore and T. Nemecek},
  title =      {Reducing food’s environmental impacts through producers and consumers},
  year =  {2018},
  publisher = {Science},
  url =  {https://www.science.org/doi/abs/10.1126/science.aaq0216}
}
@electronic{UN,
  title =      {Sustainable Development Goals},
  year =  {2021},
  publisher = {United Nations},
  url =  {https://www.un.org/sustainabledevelopment/sustainable-development-goals/}
}


@book{MOP,
  author = {Roger Johansson},
  title     = {Arbetsbok för MD407},
  year    = {2019}
}
